
@article{HELERBROCKIntensidadeSomBrasilEscola,
    Author = {Rafael Helerbrock},
    Year = {2017},
    Title = {Intensidade, timbre e altura},
    Url = {https://brasilescola.uol.com.br/fisica/intensidade-timbre-altura.htm},
    Urlaccessdate = {08/06/2022}
}
